
@article{PPObeginners,
  author = {Eric Yang-Yu},
  title = {Coding PPO from Scratch with PyTorch (Part 1/4)},
  journal = {Medium},
  year = {2020},
  doi = {https://medium.com/analytics-vidhya/coding-ppo-from-scratch-with-pytorch-part-1-4-613dfc1b14c8},
}

@article{CartPoleRLcrtl1,
  author = {Sardor Israilov and Li Fu and Jesús Sánchez-Rodríguez and Franco Fusco and Guillaume Allibert and Christophe Raufaste and Médéric Argentina},
  title = {Reinforcement learning approach to control an inverted pendulum: A general framework for educational purposes},
  journal = {PLoS ONE},
  year = {2023},
  doi = {https://doi.org/10.1371/journal.pone.0280071},
}

@misc{PAlvaradoMDP1,
  author = "José Pablo Alvarado Moya",
  title = "{EL5857 Lección 25: Aprendizaje Reforzado (1/4): MDP}",
  year = {2021},
  url = "{https://www.youtube.com/watch?v=FBaoss_Pb5Q}",
  note = "[Vídeo de YouTube]"
}

@misc{PAlvaradoDQN1,
  author = "José Pablo Alvarado Moya",
  title = "{EL5857 Lección 27: Aprendizaje Reforzado (3/4): DQN y Q-Learning}",
  year = {2021},
  url = "{https://www.youtube.com/watch?v=oXnNRSCe5T4}",
  note = "[Vídeo de YouTube]"
}

@article{DQNCart,
  author = {Adam Paszke and Mark Towers},
  title = {Reinforcement Learning (DQN) Tutorial},
  journal = {PyTorch},
  howpublished = {\url{https://pytorch.org/tutorials/intermediate/reinforcement_q_learning.html}},
}

@misc{gym,
  title = {Gymnasium Documentation},
  author = {The Farama Foundation},
  howpublished = {\url{https://gymnasium.farama.org/environments/classic_control/}},
  year = {2024}
}

@article{Airdaldi2023,
  author = {Filippo Airaldi and Andrea Bietti and Alessandro Casagrande and Alberto Bemporad},
  title = {Learning Model Predictive Control with Policy Gradients},
  journal = {IEEE Transactions on Automatic Control},
  year = {2023},
  doi = {10.1109/TAC.2023.3245678},
}

@misc{rltools,
      title={RLtools: A Fast, Portable Deep Reinforcement Learning Library for Continuous Control}, 
      author={Jonas Eschmann and Dario Albani and Giuseppe Loianno},
      year={2023},
      eprint={2306.03530},
      archivePrefix={arXiv},
      primaryClass={cs.LG}
}

@misc{mamban,
      title={mamba.py: a simple and efficient Mamba implementation}, 
      author={AlxndrRL},
      year={2023},
      archivePrefix={Github},
}



% ***********************************************************

@book{DataScience,
    title = {Data-Driven Science and Engineering},
    author = {Steven L. Brunton and J. Nathan Kutz},
    year = {2021},
    publisher = {Cambridge University Press}
}

@article{PAMH1,
author = {Castaño Hernández, A. and Moreno Beltrán, J. P. and Hernández Pérez, J. F. and Villafuerte Segura, R.},
year = {2018},
title = {Diseño y control de un sistema balancín con motor y hélice de bajo costo},
journal = {ICBI},
volume = {5},
numbre = {10},
doi = {https://doi.org/10.29057/icbi.v5i10.2937}
}

@book{ControlModerno,
  author = {Ogata, K.},
  title = {Ingeniería de Control Moderna},
  edition = {5},
  year = {2010},
  publisher = {Pearson Educación},
  address = {Madrid},
}

@article{Mamba,
author = {Gu, Albert and Dao, Tri},
year = {2023},
title = {Mamba: Linear-Time Sequence Modeling with Selective State Spaces},
journal = {Cornell University, Arxiv},
doi = {https://doi.org/10.48550/arXiv.2312.00752}
}













