@String{pami = {{IEEE} {T}ransactions on Pattern Analysis and Machine Intelligence}}
@String{itip = {{IEEE} {T}ransactions on Image Processing}}
@String{ijcv = {International Journal of Computer Vision}}
@String{prl = {Pattern Recognition Letters}}
@String{lti = {{L}ehrstuhl für {T}echnische {I}nformatik, RWTH-Aachen University}}

@String{today = {2023-06-02}}


@online{WandB,
  author = {Bryan McGill},
  title = {Can Q-learning be used for continuous (state or action) spaces?},
  year = {2019},
  url = {https://ai.stackexchange.com/questions/12255/can-q-learning-be-used-for-continuous-state-or-action-spaces},
  note = {Mensaje en el foro en línea.}
}



@book{Cable-Driven,
  title={Cable-Driven Parallel Robots},
  author={Stéphane Caro and Andreas Pott and Tobias Bruckmann},
  year={2023},
  publisher={Springer}
}

@book{SoftComputing,
  title={Soft Computing Theories and Applications},
  author={Rajesh Kuman and Ajit K. Verma and Tarun K. Sharma and Om P. Verma and Sanjay Sharma},
  year={2022},
  publisher={Springer}
}

% PAMH

@misc{PAMHppt,
        title = {Modelo de planta para péndulo amortiguado a hélice},
        publisher = {Instituto Tecnológico de Costa Rica},
        author = {Sebastían Fallas and Oscar A. Rojas},
        year = {2022},
}

@article{PAMH1,
author = {Castaño Hernández, A. and Moreno Beltrán, J. P. and Hernández Pérez, J. F. and Villafuerte Segura, R.},
year = {2018},
title = {Diseño y control de un sistema balancín con motor y hélice de bajo costo},
journal = {ICBI},
volume = {5},
numbre = {10},
doi = {https://doi.org/10.29057/icbi.v5i10.2937}
}

@book{Nise,
  title={Control Systems Engineering},
  author={Nise, Norman S.},
  year={2010},
  publisher={Wiley}
}

@book{Ogata,
  author = {Ogata, K.},
  title = {Ingeniería de Control Moderna},
  edition = {5},
  year = {2010},
  publisher = {Pearson Educación},
  address = {Madrid},
}

@book{Dorf,
  author = {Richard C. Dorf and Robert H. Bishop},
  title = {Modern Control Systems},
  edition = {13},
  year = {2016},
  publisher = {Pearson},
  address = {USA},
}

@book{Kuo,
  author = {Farid Golnaraghi and Benjamin C. Kuo},
  title = {Automatic Control Systems},
  edition = {9},
  year = {2009},
  publisher = {Wiley},
  address = {USA},
}

@book{AI,
  author = {Stuart J. Russell and Peter Norvig},
  title = {Artificial Intelligence A Modern Approch},
  edition = {4},
  year = {2021},
  publisher = {Pearson},
  address = {USA},
}

@misc{Gymnasium,
        title = {Gymnasium},
        url = {https://zenodo.org/record/8127025},
        abstract = {An API standard for single-agent reinforcement learning environments, with popular reference environments and related utilities (formerly Gym)},
        urldate = {2023-07-08},
        publisher = {Zenodo},
        author = {Towers, Mark and Terry, Jordan K. and Kwiatkowski, Ariel and Balis, John U. and Cola, Gianluca de and Deleu, Tristan and Goulão, Manuel and Kallinteris, Andreas and KG, Arjun and Krimmel, Markus and Perez-Vicente, Rodrigo and Pierré, Andrea and Schulhoff, Sander and Tai, Jun Jet and Shen, Andrew Tan Jin and Younis, Omar G.},
        month = mar,
        year = {2023},
        doi = {10.5281/zenodo.8127026},
}

@misc{RewardShaping,
      title={Learning to Utilize Shaping Rewards: A New Approach of Reward Shaping}, 
      author={Yujing Hu and Weixun Wang and Hangtian Jia and Yixiang Wang and Yingfeng Chen and Jianye Hao and Feng Wu and Changjie Fan},
      year={2020},
      eprint={2011.02669},
      archivePrefix={arXiv},
      primaryClass={cs.LG}
}


@misc{JorgeBrenes,
      title={Diseño e implementación de un sistema que simule el comportamiento dinámico de una planta prototipo de control automático utilizando redes neuronales artificiales}, 
      author={Jorge Andrés Brenes Alfaro},
      year={2022},
      archivePrefix={RepositorioTEC},
      url={https://repositoriotec.tec.ac.cr/bitstream/handle/2238/14289/TF9465_BIB309451_Jorge_Brenes_Alfaro.pdf?sequence=1&isAllowed=y}
}

@book{RNACaravaca,
    title = {Redes neuronales multimodelo aplicadas al controlador de sistemas},
    author = {Sergio T. Caravaca},
    year = {2010},
    publisher = {Universidad Autónoma de Barcelona},
}


% Reinforcement Learning (RL)

@book{DataScience,
    title = {Data-Driven Science and Engineering},
    author = {Steven L. Brunton and J. Nathan Kutz},
    year = {2021},
    publisher = {Cambridge University Press},
}

@book{RLIntro,
    title = {Reinforcement Learning: An Introduction},
    author = {Richard S. Sutton and Andrew G. Barto},
    year = {2015},
    publisher = {The MIT Press},
}


% Deep Q-Learning (DQN)

@misc{DQNbase,
      title={Playing Atari with Deep Reinforcement Learning}, 
      author={Volodymyr Mnih and Koray Kavukcuoglu and David Silver and Alex Graves and Ioannis Antonoglou and Daan Wierstra and Martin Riedmiller},
      year={2013},
      eprint={1312.5602},
      archivePrefix={arXiv},
      primaryClass={cs.LG}
}

@article{DQNexplained,
  title={Deep Q Networks (DQN) explained with examples and codes in Reinforcement Learning},
  author={Gupta, Mehul},
  journal={Data Science in your pocket},
  year={2023},
  url={https://medium.com/data-science-in-your-pocket/deep-q-networks-dqn-explained-with-examples-and-codes-in-reinforcement-learning-928b97efa792}
}

@misc{PytorchDQN,
      title={Reinforcement Learning (DQN) Tutorial}, 
      author={Adam Paszke and Mark Towers},
      year={2024},
      url={https://pytorch.org/tutorials/intermediate/reinforcement_q_learning.html}
}

@online{ForoDQN,
  author = {Bryan McGill},
  title = {Can Q-learning be used for continuous (state or action) spaces?},
  year = {2019},
  url = {https://ai.stackexchange.com/questions/12255/can-q-learning-be-used-for-continuous-state-or-action-spaces},
  note = {Mensaje en el foro en línea.}
}




% Proximal Policy Optimization (PPO)

@misc{PPObase,
      title={Proximal Policy Optimization Algorithms}, 
      author={John Schulman and Filip Wolski and Prafulla Dhariwal and Alec Radford and Oleg Klimov},
      year={2017},
      eprint={1707.06347},
      archivePrefix={arXiv},
      primaryClass={cs.LG}
}

@article{PPOyu,
  title={Coding PPO from Scratch with PyTorch (Part 1/4)},
  author={Yu, Eric Yang},
  journal={Medium},
  year={2020},
  url={https://medium.com/@eyyu/coding-ppo-from-scratch-with-pytorch-part-1-4-613dfc1b14c8}
}

@misc{PPOcoding,
  title={PPO for Beginners},
  author={Yu, Eric Yang},
  howpublished={\url{https://github.com/ericyangyu/PPO-for-Beginners/tree/master}},
  year={2022}
}

%@misc{PPOunderstand,
%  title={What is the way to understand Proximal Policy %Optimization Algorithm in RL?},
%  howpublished={\url{https://stackoverflow.com/questions/%46422845/what-is-the-way-to-understand-proximal-policy-%optimization-algorithm-in-rl}},
%  year={2022}
%}

@misc{PPOcoding2,
  title={The 37 Implementation Details of Proximal Policy Optimization},
  booktitle={ICLR Blog Track},
  year={2022},
  url={https://iclr-blog-track.github.io/2022/03/25/ppo-implementation-details/}
}


@misc{PPOadv,
  title={Advantage function in Deep Reinforcement learning},
  author={Gayatri Vadali},
  year={2019},
  url={https://medium.com/mindboard/advantage-function-in-deep-reinforcement-learning-39a0d809c1ff}
}




@misc{DDPGbase,
      title={Continuous control with deep reinforcement learning}, 
      author={Timothy P. Lillicrap and Jonathan J. Hunt and Alexander Pritzel and Nicolas Heess and Tom Erez and Yuval Tassa and David Silver and Daan Wierstra},
      year={2019},
      eprint={1509.02971},
      archivePrefix={arXiv},
      primaryClass={cs.LG}
}

@misc{SACbase,
      title={Soft Actor-Critic: Off-Policy Maximum Entropy Deep Reinforcement Learning with a Stochastic Actor}, 
      author={Tuomas Haarnoja and Aurick Zhou and Pieter Abbeel and Sergey Levine},
      year={2018},
      eprint={1801.01290},
      archivePrefix={arXiv},
      primaryClass={cs.LG}
}











% Maybe i can use

@article{Mamba,
author = {Gu, Albert and Dao, Tri},
year = {2023},
title = {Mamba: Linear-Time Sequence Modeling with Selective State Spaces},
journal = {Cornell University, Arxiv},
doi = {https://doi.org/10.48550/arXiv.2312.00752}
}










\begin{comment}
@Book{Burrus1998,
  author =	 {C. S. Burrus and J. H. McClellan and A. V. Oppenheim and T. W. Parks and R. W. Schafer and H. W. Schuessler},
  title = 	 {Ejercicios de Tratamiento de la Señal.  Un enfoque práctico},
  publisher = 	 {Prentice Hall},
  year = 	 1998
}

@Book{Davis1963,
  author =       {Davis, H. F.},
  title =        {Fourier series and orthogonal functions},
  publisher =    {Dover Publications, Inc.},
  year =         {1963}
}

@Book{Haykin2001,
  author =       {Haykin, S. and van Veen, B.},
  title =        {Señales y sistemas},
  publisher =    {Limusa Wiley},
  year =         {2001},
}

@Book{James2002,
  author =	 {James, G.},
  title = 	 {Matemáticas Avanzadas para Ingeniería},
  publisher = 	 {Prentice Hall},
  year = 	 2002,
  edition =	 {2da}
}

@Book{Kreyszig2000a,
  author =	 {Kreyszig, E.},
  title = 	 {Matemáticas Avanzadas para Ingeniería},
  publisher = 	 {Limusa Wiley},
  year = 	 2000,
  volume =	 {I},
  edition =	 {3ra}
}

@Book{Kreyszig2000b,
  author =	 {Kreyszig, E.},
  title = 	 {Matemáticas Avanzadas para Ingeniería},
  publisher = 	 {Limusa Wiley},
  year = 	 2000,
  volume =	 {II},
  edition =	 {3ra}
}

@Book{Lindner2002,
  author =       {Lindner, D.},
  title =        {Introducción a las señales y los sistemas},
  publisher =    {McGraw Hill},
  year =         2002
}

@Online{AlvaradoWeb,
  author=        {Alvarado, Pablo},
  title=         {Proyecto de graduación},
  month=         sep,
  year=          {2021},
  url=           {http://www.ie.tec.ac.cr/palvarado/PG},
  urldate=       {2021-11-09}
}

@Online{MatLab,
   author    = {MathWorks},
   title     = {MatLab},
   year      = {1994},
   url =       {http://www.matlab.com},
   urldate   = today
}

@Online{Octave,
   author    = {John W. Eaton and David Bateman and S{\o}ren Hauberg and Rik Wehbring},
   title     = {Octave},
   institution = {University of Wisconsin},
   year      = {1998},
   url       = {http://www.octave.org},
   urldate   = today
}

@Online{OctaveRep,
   author    = {{The Octave Project Developers}},
   title     = {Octave Repository},
   year      = {1996},
   url       = {https://github.com/gnu-octave/octave},
   urldate   = today
}

@Book{Oppenheim1998,
  author = 	 {A. Oppenheim and A. Willsky and S. H. Nawab},
  title = 	 {Señales y Sistemas},
  publisher = 	 {Prentice Hall},
  year = 	 1998,
  edition =	 {2da}
}

@Book{ProakisManolakis1998,
  author =	 {Proakis, J. G.  and Manolakis, D. G.},
  title = 	 {Tratamiento Digital de Señales},
  publisher = 	 {Prentice Hall},
  year = 	 {1998},
}

@Book{Roberts2005,
  author =       {M. J. Roberts},
  title =        {Señales y Sistemas.  Análisis mediante métodos de 
                  transformada y {MatLab}},
  publisher =    {McGraw Hill},
  year =         {2005}
}

@Book{Shilov1973,
  author =       {G. E. Shilov},
  title =        {Elementary Real and Complex Analysis},
  publisher =    {Dover Publications, Inc.},
  year =         {1973}
}

@Book{Soria2003,
  author =	 {Soria Olivas, E. and Martínez Sober, M. and 
                  Francés Villora, J. V.  and Camps Valls, G. },
  title = 	 {Tratamiento Digital de Señales.  Problemas y ejercicios resueltos},
  publisher = 	 {Prentice Hall},
  year = 	 {2003},
  address =	 {Madrid}
}

@Book{Stremler1993,
  author =       {Stremler, F. G. },
  title =        {Introducción a los sistemas de comunicación},
  publisher =    {Addison Wesley Longman},
  year =         {1993}
}

@Thesis{Fulano21,
  author = {Fulano Rodríguez, Juan},
  title = {Energía infinita con un diodo},
  institution = {Escuela de Ingeniería Electrónica, Tecnológico de Costa Rica},
  month = jun,
  year = 2021,
  type = {Tesis de Licenciatura}
}
\end{comment}