
@book{DataScience,
    title = {Data-Driven Science and Engineering},
    author = {Steven L. Brunton and J. Nathan Kutz},
    year = {2021},
    publisher = {Cambridge University Press}
}

@article{PAMH1,
author = {Castaño Hernández, A. and Moreno Beltrán, J. P. and Hernández Pérez, J. F. and Villafuerte Segura, R.},
year = {2018},
title = {Diseño y control de un sistema balancín con motor y hélice de bajo costo},
journal = {ICBI},
volume = {5},
numbre = {10},
doi = {https://doi.org/10.29057/icbi.v5i10.2937}
}

@book{ControlModerno,
  author = {Ogata, K.},
  title = {Ingeniería de Control Moderna},
  edition = {5},
  year = {2010},
  publisher = {Pearson Educación},
  address = {Madrid},
}

@article{Mamba,
author = {Gu, Albert and Dao, Tri},
year = {2023},
title = {Mamba: Linear-Time Sequence Modeling with Selective State Spaces},
journal = {Cornell University, Arxiv},
doi = {https://doi.org/10.48550/arXiv.2312.00752}
}













